<?xml version="1.0" encoding="UTF-8" ?>
<collection xmlns:xsi="http://www.w3.org/2001/XMLSchema-instance"
    xsi:schemaLocation="http://www.loc.gov/MARC21/slim
        http://www.loc.gov/standards/marcxml/schema/MARC21slim.xsd"
    xmlns="http://www.loc.gov/MARC21/slim">
<record>
  <leader>00217cam a2200397 ia4500</leader>
  <controlfield tag="001">b12773748</controlfield>
  <controlfield tag="003">LeBAU</controlfield>
  <controlfield tag="005">20180122</controlfield>
  <controlfield tag="008">971121s1920    ua abf       o||0 0 ara d</controlfield>
  <datafield tag="035" ind1=" " ind2=" ">
    <subfield code="a">ocn784510135</subfield>
  </datafield>
  <datafield tag="040" ind1=" " ind2=" ">
    <subfield code="a">LEAUB</subfield>
    <subfield code="b">ara</subfield>
    <subfield code="e">rda</subfield>
    <subfield code="c">LEAUB</subfield>
    <subfield code="d">LEAUB</subfield>
  </datafield>
  <datafield tag="082" ind1="0" ind2="4">
    <subfield code="a">626.8</subfield>
    <subfield code="2">20</subfield>
  </datafield>
  <datafield tag="100" ind1="1" ind2=" ">
    <subfield code="6">880-01</subfield>
    <subfield code="a">McDonald, Murdoch,</subfield>
    <subfield code="e">author.</subfield>
  </datafield>
  <datafield tag="245" ind1="1" ind2="0">
    <subfield code="6">880-02</subfield>
    <subfield code="a">Īḍāḥ ʻan al-ḍarūrah al-qāḍiyah bi-ziyādat ḍabṭ al-Nīl :</subfield>
    <subfield code="b">itmāmān li-istithmār al-arādī al-Miṣrīyah wa-istithmār jānib muʻayyan min arāḍī al-Sūdān maʻa bayānāt ʻan al-aḥwāl al-ṭabīʻīyah al-wājib murāʻātihā wa-ʻan barnāmaj al-aʻmāl al-handasīyah al-khāṣṣah bi-al-mawḍūʻ /</subfield>
    <subfield code="c">bi-qalam al-Sayyid Murdukh Makdūnāld, mustashār Wizārat al-Ashgāl al-ʻUmūmīyah.</subfield>
  </datafield>
  <datafield tag="264" ind1=" " ind2="1">
    <subfield code="6">880-03</subfield>
    <subfield code="a">al-Qāhirah :</subfield>
    <subfield code="b">al-Maṭbaʻah al-Amīrīyah,</subfield>
    <subfield code="c">1920.</subfield>
  </datafield>
  <datafield tag="300" ind1=" " ind2=" ">
    <subfield code="6">880-04</subfield>
    <subfield code="a">2 volumes :</subfield>
    <subfield code="b">illustrations, maps (some folded and color) ;</subfield>
    <subfield code="c">34 cm</subfield>
  </datafield>
  <datafield tag="336" ind1=" " ind2=" ">
    <subfield code="a">text</subfield>
    <subfield code="b">txt</subfield>
    <subfield code="2">rdacontent</subfield>
  </datafield>
  <datafield tag="336" ind1=" " ind2=" ">
    <subfield code="a">still image</subfield>
    <subfield code="b">sti</subfield>
    <subfield code="2">rdacontent</subfield>
  </datafield>
  <datafield tag="337" ind1=" " ind2=" ">
    <subfield code="a">unmediated</subfield>
    <subfield code="b">n</subfield>
    <subfield code="2">rdamedia</subfield>
  </datafield>
  <datafield tag="338" ind1=" " ind2=" ">
    <subfield code="a">volume</subfield>
    <subfield code="b">nc</subfield>
    <subfield code="2">rdacarrier</subfield>
  </datafield>
  <datafield tag="650" ind1=" " ind2="4">
    <subfield code="a">الري</subfield>
    <subfield code="z">مصر.</subfield>
  </datafield>
  <datafield tag="650" ind1=" " ind2="0">
    <subfield code="a">Irrigation</subfield>
    <subfield code="z">Egypt.</subfield>
  </datafield>
  <datafield tag="651" ind1=" " ind2="4">
    <subfield code="a">نهر النيل.</subfield>
  </datafield>
  <datafield tag="651" ind1=" " ind2="0">
    <subfield code="a">Nile River.</subfield>
  </datafield>
  <datafield tag="710" ind1="1" ind2=" ">
    <subfield code="6">880-05</subfield>
    <subfield code="a">Egypt.</subfield>
    <subfield code="b">Aʻmāl Ḍabṭ al-Nīl,</subfield>
    <subfield code="e">issuing body.</subfield>
  </datafield>
  <datafield tag="852" ind1=" " ind2=" ">
    <subfield code="a">Jafet Archives and Special Collections</subfield>
    <subfield code="e">American University of Beirut, Bliss Street , Beirut, Lebanon.</subfield>
  </datafield>
  <datafield tag="880" ind1="1" ind2=" ">
    <subfield code="6">100-01/(3/r</subfield>
    <subfield code="a">مكدونالد، مردخ،</subfield>
    <subfield code="e">مؤلف. </subfield>
    <subfield code="4">aut.</subfield>
  </datafield>
  <datafield tag="880" ind1="1" ind2="0">
    <subfield code="6">245-02/(3/r</subfield>
    <subfield code="a">إيضاح عن الضرورة القاضية بزيادة ضبط النيل :</subfield>
    <subfield code="b">إتماماً لأستثمار الأراضي المصرية وإستثمار جانب معين من أراضي السودان، مع بيانات عن الأحوال الطبيعية الواجب مراعاتها وعن برنامج الأعمال الهندسية الخاصة بالموضوع /</subfield>
    <subfield code="c">بقلم السير مردخ مكدونالد، مستشار وزارة الأشغال العمومية.</subfield>
  </datafield>
  <datafield tag="880" ind1=" " ind2="1">
    <subfield code="6">264-03/(3/r</subfield>
    <subfield code="a">القاهرة :</subfield>
    <subfield code="b">المطبعة الأميرية،</subfield>
    <subfield code="c">1920.</subfield>
  </datafield>
  <datafield tag="880" ind1=" " ind2=" ">
    <subfield code="6">300-04/(3/r</subfield>
    <subfield code="a">2 جزء :</subfield>
    <subfield code="b">مصورات، خرائط (بعضها مطوي وملون) ؛</subfield>
    <subfield code="c">34 سم</subfield>
  </datafield>
  <datafield tag="880" ind1="1" ind2=" ">
    <subfield code="6">710-05/(3/r</subfield>
    <subfield code="a">مصر.</subfield>
    <subfield code="b">أعمال ضبط النيل،</subfield>
    <subfield code="e">هيئة إصدار. </subfield>
    <subfield code="4">isb.</subfield>
  </datafield>
  <datafield tag="907" ind1=" " ind2=" ">
    <subfield code="a">.b12773748</subfield>
    <subfield code="b">18-01-30</subfield>
    <subfield code="c">11-05-24</subfield>
  </datafield>
  <datafield tag="907" ind1=" " ind2=" ">
    <subfield code="a">.b12773748</subfield>
    <subfield code="b">11-10-11</subfield>
    <subfield code="c">11-05-24</subfield>
  </datafield>
  <datafield tag="945" ind1=" " ind2=" ">
    <subfield code="f">CA:F</subfield>
    <subfield code="a">626.8:M13dA:v.1:c.1</subfield>
    <subfield code="i">01067644</subfield>
    <subfield code="j">.i13356045</subfield>
    <subfield code="l">u0306</subfield>
  </datafield>
  <datafield tag="945" ind1=" " ind2=" ">
    <subfield code="f">CA:F</subfield>
    <subfield code="a">626.8:M13dA:v.2:c.1</subfield>
    <subfield code="i">01067647</subfield>
    <subfield code="j">.i13356057</subfield>
    <subfield code="l">u0306</subfield>
  </datafield>
  <datafield tag="998" ind1=" " ind2=" ">
    <subfield code="a">u03</subfield>
    <subfield code="b">97-11-21</subfield>
    <subfield code="c">m</subfield>
    <subfield code="d">a</subfield>
    <subfield code="e">-</subfield>
    <subfield code="f">ara</subfield>
    <subfield code="g">ua </subfield>
    <subfield code="h">0</subfield>
    <subfield code="i">2</subfield>
  </datafield>
</record>
</collection>
